<?xml version="1.0" encoding="UTF-8"?><collection xmlns="http://www.loc.gov/MARC21/slim"><record><leader>00620nam--2200205-i-4500</leader><controlfield tag="001">000042723</controlfield><controlfield tag="002">20161230</controlfield><controlfield tag="005">20161230201043</controlfield><controlfield tag="008">060222s1000------------r-----000-0-fre-d</controlfield><datafield ind1=" " ind2=" " tag="040"><subfield code="a">IFIN-HH</subfield></datafield><datafield ind1=" " ind2=" " tag="041"><subfield code="a">fre</subfield></datafield><datafield ind1=" " ind2=" " tag="080"><subfield code="a">53.08</subfield></datafield><datafield ind1="1" ind2=" " tag="110"><subfield code="a">Commissariat A L'Energie Atomique</subfield></datafield><datafield ind1="1" ind2="0" tag="245"><subfield code="a">Statistique appliquee a l`efxploitation des mesures. expose pratique ilustre d`exemples concrets</subfield><subfield code="b">Tome i et ii</subfield></datafield><datafield ind1=" " ind2=" " tag="260"><subfield code="a">Paris</subfield><subfield code="b">Masson</subfield><subfield code="c">1978</subfield></datafield><datafield ind1=" " ind2=" " tag="300"><subfield code="a">2 VOLUMES</subfield></datafield><datafield ind1=" " ind2=" " tag="490"><subfield code="a">Commissariat A L`Energie Atomique</subfield></datafield><datafield ind1="1" ind2=" " tag="787"><subfield code="a">Tome Ii</subfield><subfield code="d">1978</subfield><subfield code="h">Xii+/151p./412p</subfield></datafield><datafield ind1=" " ind2=" " tag="852"><subfield code="a">47083</subfield><subfield code="c">519.283</subfield></datafield><datafield ind1=" " ind2=" " tag="CAT"><subfield code="a">Sys</subfield><subfield code="c">20130808</subfield><subfield code="h">115051</subfield></datafield></record></collection>